@article{AndraeE15,
  title     = {On global electricity usage of communication technology: trends to 2030},
  author    = {Anders Andrae and Tomas Edler},
  journal   = {Challenges},
  volume    = {6},
  number    = {1},
  pages     = {117--157},
  year      = {2015},
  publisher = {Multidisciplinary Digital Publishing Institute}
}

@article{AvgerinouBC17,
  author  = {Maria Avgerinou and Paolo Bertoldi and Luca Castellazzi},
  title   = {Trends in Data Centre Energy Consumption under the {European} Code of Conduct for Data Centre Energy Efficiency},
  journal = {Energies},
  year    = {2017},
  number  = {1470},
  pages   = {1--18},
  volume  = {10}
}

@inproceedings{AbritaSAA18,
  author    = {Samiha Islam Abrita and
               Moumita Sarker and
               Faheem Abrar and
               Muhammad Abdullah Adnan},
  title     = {Benchmarking {VM} Startup Time in the Cloud},
  booktitle = {Bench'18: Bench Council International Symposium},
  year      = {2018}
}

@techreport{DoddAGC20,
  author = {Nicholas Dodd and
            Felice Alfieri and
            Miguel Nuno De Oliveira Gama Caldas and
            Larisa Maya-Drysdaleand
            Jan Viegand and
            Sophia Flucker and
            Robert Tozer and 
            Beth Whitehead and
            Anson Wu
            Fiona Brocklehurst
          },
  title         = {Development of the EU Green Public Procurement (GPP) Criteria for Data Centres},
  institution   = {Server Rooms and Cloud Services, Publications Office of the European Union},
  year          = {2020},
}

@article{Waldrop16,
  title   = {The chips are down for Mooreâ€™s law},
  author  = {M Mitchell Waldrop},
  journal = {Nature News},
  year    = {2016}
}

@misc{AmdEpyc,
  title        = {AMD EPYC 7702 Series Specification},
  howpublished = {\url{https://www.amd.com/en/products/cpu/amd-epyc-7702}},
  note         = {Accessed: 18-09-2020}
}

@inproceedings{RaoK88,
  author    = {V. Nageshwara Rao and
               Vipin Kumar},
  editor    = {Kesav V. Nori and
               Sanjeev Kumar},
  title     = {Superlinear Speedup in Parallel State-Space Search},
  booktitle = {Foundations of Software Technology and Theoretical Computer Science,
               Eighth Conference, Pune, India, December 21-23, 1988, Proceedings},
  series    = {Lecture Notes in Computer Science},
  volume    = {338},
  pages     = {161--174},
  publisher = {Springer},
  year      = {1988}
}

@inproceedings{BrankeSDM04,
  author    = {J{\"{u}}rgen Branke and
               Hartmut Schmeck and
               Kalyanmoy Deb and
               Reddy S. Maheshwar},
  title     = {Parallelizing multi-objective evolutionary algorithms: cone separation},
  booktitle = {Proceedings of the {IEEE} Congress on Evolutionary Computation, {CEC}
               2004, 19-23 June 2004, Portland, OR, {USA}},
  pages     = {1952--1957},
  publisher = {{IEEE}},
  year      = {2004}
}

@article{LuckenBS04,
  author  = {Christian von L{\"{u}}cken and
               Benjam{\'{\i}}n Bar{\'{a}}n and
               Aldo Sotelo},
  title   = {Pump Scheduling Optimization Using Asynchronous Parallel Evolutionary Algorithms},
  journal = {{CLEI} Electron. J.},
  volume  = {7},
  number  = {2},
  year    = {2004}
}

@article{ZhangYCJ20,
  author  = {Ying Zhang and
               Weihong Yu and
               Xiaodong Chen and
               Jianhui Jiang},
  title   = {Parallel Genetic Algorithm to Extend the Lifespan of Internet of Things
               in 5G Networks},
  journal = {{IEEE} Access},
  volume  = {8},
  pages   = {149630--149642},
  year    = {2020}
}

@article{ShiZS20,
  author  = {Jialong Shi and
               Qingfu Zhang and
               Jianyong Sun},
  title   = {{PPLS/D:} Parallel Pareto Local Search Based on Decomposition},
  journal = {{IEEE} Trans. Cybern.},
  volume  = {50},
  number  = {3},
  pages   = {1060--1071},
  year    = {2020}
}

@article{LuoFBP19,
  author  = {Jia Luo and
               Shigeru Fujimura and
               Didier El Baz and
               Bastien Plazolles},
  title   = {{GPU} based parallel genetic algorithm for solving an energy efficient
               dynamic flexible flow shop scheduling problem},
  journal = {J. Parallel Distributed Comput.},
  volume  = {133},
  pages   = {244--257},
  year    = {2019}
}

@article{El-AlfyA16,
  author  = {El{-}Sayed M. El{-}Alfy and
               Mashaan A. Alshammari},
  title   = {Towards scalable rough set based attribute subset selection for intrusion
               detection using parallel genetic algorithm in MapReduce},
  journal = {Simul. Model. Pract. Theory},
  volume  = {64},
  pages   = {18--29},
  year    = {2016}
}

@article{Alba02,
  author  = {Enrique Alba},
  title   = {Parallel evolutionary algorithms can achieve super-linear performance},
  journal = {Inf. Process. Lett.},
  volume  = {82},
  number  = {1},
  pages   = {7--13},
  year    = {2002}
}

@article{MuhlenbeinSB91,
  author  = {Heinz M{\"{u}}hlenbein and
               M. Schomisch and
               Joachim Born},
  title   = {The parallel genetic algorithm as function optimizer},
  journal = {Parallel Comput.},
  volume  = {17},
  number  = {6-7},
  pages   = {619--632},
  year    = {1991}
}

@inproceedings{GuoWTSZL08,
  author    = {Chuanxiong Guo and
      Haitao Wu and
      Kun Tan and
      Lei Shi and
      Yongguang Zhang and
      Songwu Lu},
  title     = {Dcell: a scalable and fault-tolerant network structure for data centers},
  booktitle = {{SIGCOMM}'08: Conference on Applications,
      Technologies, Architectures, and Protocols for Computer Communications},
  pages     = {75--86},
  year      = {2008}
}

@inproceedings{Al-FaresLV08,
  author    = {Mohammad Al{-}Fares and
      Alexander Loukissas and
      Amin Vahdat},
  title     = {A scalable, commodity data center network architecture},
  booktitle = {{SIGCOMM}:'08 Conference on Applications,
      Technologies, Architectures, and Protocols for Computer Communications},
  pages     = {63--74},
  year      = {2008}
}

@misc{Cisco19,
  title        = {Spine and Leaf Architecture: Design Overview White Paper},
  howpublished = {\url{https://www.cisco.com/c/en/us/products/collateral/switches/nexus-7000-series-switches/white-paper-c11-737022.html}},
  note         = {Accessed: 18-09-2020},
  author       = {CISCO}
}

@inproceedings{DebAPM00,
  author    = {Kalyanmoy Deb and
               Samir Agrawal and
               Amrit Pratap and
               T. Meyarivan},
  editor    = {Marc Schoenauer and
               Kalyanmoy Deb and
               G{\"{u}}nter Rudolph and
               Xin Yao and
               Evelyne Lutton and
               Juan Juli{\'{a}}n Merelo Guerv{\'{o}}s and
               Hans{-}Paul Schwefel},
  title     = {A Fast Elitist Non-dominated Sorting Genetic Algorithm for Multi-objective
               Optimisation: {NSGA-II}},
  booktitle = {{PPSN}:'00 Parallel Problem Solving from Nature}
}

@article{RobergeTL13,
  author  = {Vincent Roberge and
               Mohammed Tarbouchi and
               Gilles Labont{\'{e}}},
  title   = {Comparison of Parallel Genetic Algorithm and Particle Swarm Optimization
               for Real-Time {UAV} Path Planning},
  journal = {{IEEE} Trans. Ind. Informatics},
  volume  = {9},
  number  = {1},
  pages   = {132--141},
  year    = {2013}
}

@article{Cantu-PazG99,
  author  = {Erick Cant{\'{u}}{-}Paz and
               David E. Goldberg},
  title   = {On the Scalability of Parallel Genetic Algorithms},
  journal = {Evol. Comput.},
  volume  = {7},
  number  = {4},
  pages   = {429--449},
  year    = {1999}
}

@inproceedings{BillingsleyLMMG20,
  author    = {Joseph Billingsley and
               Ke Li and
               Wang Miao and
               Geyong Min and
               Nektarios Georgalas},
  title     = {Routing-Led Placement of VNFs in Arbitrary Networks},
  booktitle = {WCCI'20: World Congress on Computational Intelligence},
  year      = {2020}
}

@inproceedings{BillingsleyJOURNAL,
  author = {Joseph Billingsley and Ke Li and Wang Miao and Geyong Min and Nektarios Georgalas},
  title  = {Multi-Objective Virtual Network Function Placement: Formal Model and Effective Algorithm},
  year   = {2020},
  note   = {unpublished}
}

@inproceedings{Pongor93,
  author    = {Gy{\"{o}}rgy Pongor},
  title     = {OMNeT: Objective Modular Network Testbed},
  booktitle = {{MASCOTS}'93: Proceedings of the International Workshop on Modeling,
    Analysis, and Simulation On Computer and Telecommunication Systems},
  pages     = {323--326},
  year      = {1993}
}

@article{KuoLLT18,
  author  = {Tung{-}Wei Kuo and
               Bang{-}Heng Liou and
               Kate Ching{-}Ju Lin and
               Ming{-}Jer Tsai},
  title   = {Deploying Chains of Virtual Network Functions: On the Relation Between
               Link and Server Usage},
  journal = {{IEEE/ACM} Trans. Netw.},
  volume  = {26},
  number  = {4},
  pages   = {1562--1576},
  year    = {2018}
}

@inproceedings{AlameddineQA17,
  author    = {Hyame Assem Alameddine and
               Long Qu and
               Chadi Assi},
  title     = {Scheduling service function chains for ultra-low latency network services},
  booktitle = {{CNSM}'17: Conference on Network and Service Management},
  pages     = {1--9},
  publisher = {{IEEE} Computer Society},
  year      = {2017}
}

@inproceedings{VizarretaCMMK17,
  author    = {Petra Vizarreta and
               Massimo Condoluci and
               Carmen Mas Machuca and
               Toktam Mahmoodi and
               Wolfgang Kellerer},
  title     = {QoS-driven function placement reducing expenditures in {NFV} deployments},
  booktitle = {{ICC}'17: {IEEE} International Conference on Communications},
  pages     = {1--7},
  publisher = {{IEEE}},
  year      = {2017}
}

@inproceedings{GouarebFA18,
  author    = {Racha Gouareb and
               Vasilis Friderikos and
               A. Hamid Aghvami},
  title     = {Delay Sensitive Virtual Network Function Placement and Routing},
  booktitle = {{ICT}'18: 25th International Conference on Telecommunications},
  pages     = {394--398},
  publisher = {{IEEE}},
  year      = {2018}
}

@inproceedings{AgarwalMCD18,
  author    = {Satyam Agarwal and
               Francesco Malandrino and
               Carla{-}Fabiana Chiasserini and
               Swades De},
  title     = {Joint {VNF} Placement and {CPU} Allocation in 5G},
  booktitle = {{INFOCOM}'18: {IEEE} Conference on Computer Communications},
  pages     = {1943--1951},
  publisher = {{IEEE}},
  year      = {2018}
}

@inproceedings{OljiraGTB17,
  author    = {Dejene Boru Oljira and
               Karl{-}Johan Grinnemo and
               Javid Taheri and
               Anna Brunstr{\"{o}}m},
  title     = {A model for QoS-aware {VNF} placement and provisioning},
  booktitle = {{NFV-SDN}'17: {IEEE} Conference on Network Function Virtualization and Software
               Defined Networks},
  pages     = {1--7},
  publisher = {{IEEE}},
  year      = {2017}
}

@inproceedings{RankothgeMLRL15,
  author    = {Windhya Rankothge and
      Jiefei Ma and
      Franck Le and
      Alessandra Russo and
      Jorge Lobo},
  title     = {Towards making network function virtualization a cloud computing service},
  booktitle = {IM'15: Proc. of the 2015 {IFIP/IEEE} International Symposium on Integrated Network Management},
  pages     = {89--97},
  year      = {2015},
}

@inproceedings{BariCAB15,
  author    = {Md. Faizul Bari and
      Shihabur Rahman Chowdhury and
      Reaz Ahmed and
      Raouf Boutaba},
  title     = {On orchestrating virtual network functions},
  booktitle = {CNSM'11: Proc. of the 11th International Conference on Network and Service Management},
  pages     = {50--56},
  year      = {2015},
}

@article{MiottoLCG19,
  author    = {Gustavo Miotto and
      Marcelo Caggiani Luizelli and
      Weverton Luis da Costa Cordeiro and
      Luciano Paschoal Gaspary},
  title     = {Adaptive placement {\&} chaining of virtual network functions
      with {NFV-PEAR}},
  journal   = {J. Internet Services and Applications},
  volume    = {10},
  number    = {1},
  pages     = {3:1--3:19},
  year      = {2019},
}

@inproceedings{BaumgartnerRB15,
  author    = {Andreas Baumgartner and
      Varun S. Reddy and
      Thomas Bauschert},
  title     = {Combined Virtual Mobile Core Network Function Placement and Topology
      Optimization with Latency Bounds},
  booktitle = {EWSDN'15: Proc. of the 4th European Workshop on Software Defined Networks},
  pages     = {97--102},
  year      = {2015},
}

@inproceedings{GuoWLQA0Y20,
  author    = {Hantao Guo and
               Ying Wang and
               Zifan Li and
               Xuesong Qiu and
               Hengbin An and
               Peng Yu and
               Ningcheng Yuan},
  title     = {Cost-aware Placement and Chaining of Service Function Chain with {VNF}
               Instance Sharing},
  booktitle = {{NOMS}'20: {IEEE/IFIP} Network Operations and Management Symposium},
  pages     = {1--8},
  publisher = {{IEEE}},
  year      = {2020}
}

@article{QiSW19,
  author  = {Dandan Qi and
               Subin Shen and
               Guanghui Wang},
  title   = {Towards an efficient {VNF} placement in network function virtualization},
  journal = {Comput. Commun.},
  volume  = {138},
  pages   = {81--89},
  year    = {2019}
}

@article{QuASK17,
  author  = {Long Qu and
               Chadi Assi and
               Khaled Bashir Shaban and
               Maurice J. Khabbaz},
  title   = {A Reliability-Aware Network Service Chain Provisioning With Delay
               Guarantees in NFV-Enabled Enterprise Datacenter Networks},
  journal = {{IEEE} Trans. Network and Service Management},
  volume  = {14},
  number  = {3},
  pages   = {554--568},
  year    = {2017}
}

@article{RankothgeLRL17,
  author  = {Windhya Rankothge and
               Franck Le and
               Alessandra Russo and
               Jorge Lobo},
  title   = {Optimizing Resource Allocation for Virtualized Network Functions in
               a Cloud Center Using Genetic Algorithms},
  journal = {{IEEE} Trans. Network and Service Management},
  volume  = {14},
  number  = {2},
  pages   = {343--356},
  year    = {2017}
}

@inproceedings{BillingsleyLMMG19,
  author    = {Joseph Billingsley and Ke Li and Wang Miao and Geyong Min and Nektarios Georgalas},
  title     = {A Formal Model for Multi-objective Optimisation of Network Function Virtualisation Placement},
  booktitle = {{EMO}':19 Evolutionary Multi-Criterion Optimization - 10th International Conference},
  pages     = {529--540},
  year      = {2019}
}

@inproceedings{SoualahMGZ17,
  author    = {Oussama Soualah and
               Marouen Mechtri and
               Chaima Ghribi and
               Djamal Zeghlache},
  title     = {Energy Efficient Algorithm for {VNF} Placement and Chaining},
  booktitle = {{CCGRID}'17:International Symposium on Cluster, Cloud and Grid Computing},
  pages     = {579--588},
  publisher = {{IEEE} Computer Society / {ACM}},
  year      = {2017},
}